<?xml version="1.0" encoding="utf-8"?>
<collection xmlns="http://www.loc.gov/MARC21/slim">
<record>
<leader>01555cas a2200397   4500</leader>
<controlfield tag="001">u1011593</controlfield>
<controlfield tag="003">SIRSI</controlfield>
<controlfield tag="005">20110622134625.0</controlfield>
<controlfield tag="008">090709c20089999ii fr p       0    0eng  </controlfield>
<datafield tag="010" ind1=" " ind2=" ">
<subfield code="a">  2011219018</subfield>
<subfield code="z">  2009252844</subfield>
</datafield>
<datafield tag="022" ind1=" " ind2=" ">
<subfield code="a">0974-1143</subfield>
<subfield code="l">0974-1143</subfield>
</datafield>
<datafield tag="025" ind1=" " ind2=" ">
<subfield code="a">I-D-E-2009-252844; 42</subfield>
</datafield>
<datafield tag="035" ind1=" " ind2=" ">
<subfield code="a">(OCoLC)502473044</subfield>
</datafield>
<datafield tag="040" ind1=" " ind2=" ">
<subfield code="a">SNU</subfield>
<subfield code="c">SNU</subfield>
<subfield code="d">OCoLC</subfield>
<subfield code="d">DLC</subfield>
<subfield code="d">DNLM</subfield>
</datafield>
<datafield tag="042" ind1=" " ind2=" ">
<subfield code="a">pcc</subfield>
</datafield>
<datafield tag="060" ind1="0" ind2="0">
<subfield code="a">W1</subfield>
<subfield code="b">AL118</subfield>
</datafield>
<datafield tag="210" ind1="0" ind2=" ">
<subfield code="a">Al Ameen j. med. sci.</subfield>
</datafield>
<datafield tag="222" ind1=" " ind2="0">
<subfield code="a">Al Ameen journal of medical Sciences</subfield>
</datafield>
<datafield tag="245" ind1="0" ind2="0">
<subfield code="a">Al Ameen journal of medical sciences.</subfield>
</datafield>
<datafield tag="246" ind1="3" ind2="0">
<subfield code="a">Ameen journal of medical sciences</subfield>
</datafield>
<datafield tag="260" ind1=" " ind2=" ">
<subfield code="a">Bangalore :</subfield>
<subfield code="b">Al Ameen Charitable Fund Trust</subfield>
</datafield>
<datafield tag="310" ind1=" " ind2=" ">
<subfield code="a">Quarterly,</subfield>
<subfield code="b">2010-</subfield>
</datafield>
<datafield tag="321" ind1=" " ind2=" ">
<subfield code="a">Semiannual,</subfield>
<subfield code="b">2008-2009</subfield>
</datafield>
<datafield tag="362" ind1="1" ind2=" ">
<subfield code="a">Began with Vol. 1, no. 1 (2008).</subfield>
</datafield>
<datafield tag="530" ind1=" " ind2=" ">
<subfield code="a">Also available online.</subfield>
</datafield>
<datafield tag="550" ind1=" " ind2=" ">
<subfield code="a">An official peer reviewed indexed medical journal of Scientific and Research Committee, Al Ameen Medical College.</subfield>
</datafield>
<datafield tag="596" ind1=" " ind2=" ">
<subfield code="a">1</subfield>
</datafield>
<datafield tag="710" ind1="2" ind2=" ">
<subfield code="a">Al Ameen Charitable Fund Trust (Bangalore, India)</subfield>
</datafield>
<datafield tag="710" ind1="2" ind2=" ">
<subfield code="a">Al Ameen Medical College.</subfield>
<subfield code="b">Scientific and Research Committee.</subfield>
</datafield>
<datafield tag="856" ind1="4" ind2=" ">
<subfield code="u">http://journalfinder.wtcox.com/nccu/list-e.asp?t=33990&amp;ucrit=33990&amp;campo=titleid</subfield>
</datafield>
<datafield tag="909" ind1=" " ind2=" ">
<subfield code="a">20110721</subfield>
</datafield>
<datafield tag="918" ind1=" " ind2=" ">
<subfield code="a">1011593</subfield>
</datafield>
<datafield tag="016" ind1="7" ind2=" ">
<subfield code="a">101519689</subfield>
<subfield code="2">DNLM</subfield>
</datafield>
<datafield tag="588" ind1=" " ind2=" ">
<subfield code="a">Description based on: Vol. 3, no. 1 (Jan./Mar. 2010); title from cover.</subfield>
</datafield>
<datafield tag="588" ind1=" " ind2=" ">
<subfield code="a">Latest issue consulted: Vol. 3, no. 4 (Oct./Sept. 2010).</subfield>
</datafield>
<datafield tag="999" ind1=" " ind2=" ">
<subfield code="a">XX(1011593.1)</subfield>
<subfield code="w">E-JOURNALS</subfield>
<subfield code="c">1</subfield>
<subfield code="i">1011593-1001</subfield>
<subfield code="l">E-JOURNALS</subfield>
<subfield code="m">SHEPARD</subfield>
<subfield code="r">Y</subfield>
<subfield code="s">Y</subfield>
<subfield code="t">E-JOURNALS</subfield>
<subfield code="u">7/21/2011</subfield>
<subfield code="x">E-JOURNALS</subfield>
</datafield>
</record>
</collection>
